@article {ref:two_case_studies,
	title = "Two Case Studies of Open Source Software Development: Apache and Mozilla",
	author = "Mockus, Audris and Fielding, Roy T. and Herbsleb, James D."
}

@inproceedings{ref:evolution_of_jun,
	author = {Aoki, Atsushi and Hayashi, Kaoru and Kishida, Kouichi and Nakakoji, Kumiyo and Nishinaka, Yoshiyuki and Reeves, Brent and Takashima, Akio and Yamamoto, Yasuhiro},
	title = {A Case Study of the Evolution of Jun: An Object-oriented Open-source 3D Multimedia Library},
	booktitle = {Proceedings of the 23rd International Conference on Software Engineering},
	series = {ICSE '01},
	year = {2001},
	isbn = {0-7695-1050-7},
	location = {Toronto, Ontario, Canada},
	pages = {524--533},
	numpages = {10},
	url = {http://dl.acm.org/citation.cfm?id=381473.381535},
	acmid = {381535},
	publisher = {IEEE Computer Society},
	address = {Washington, DC, USA},
}


