@inproceedings{feng2009cognitively,
	title={Cognitively motivated features for readability assessment},
	author={Feng, Lijun and Elhadad, No{\'e}mie and Huenerfauth, Matt},
	booktitle={Proceedings of the 12th Conference of the European Chapter of the Association for Computational Linguistics},
	pages={229--237},
	year={2009},
	organization={Association for Computational Linguistics}
}

@article{steinbachcomparison,
  title={A Comparison of Document Clustering Techniques},
  author={Steinbach, M and Karypis, G and Kumar, V}
}

@online{gutenberg2015,
ALTauthor = {author},
ALTeditor = {editor},
title = {Project Gutenberg},
date = {2015-12-12},
url = {http://www.gutenberg.org/},
urldate = {2015-12-12},
}

@techreport{kincaid1975derivation,
  title={Derivation of new readability formulas (automated readability index, fog count and flesch reading ease formula) for navy enlisted personnel},
  author={Kincaid, J Peter and Fishburne Jr, Robert P and Rogers, Richard L and Chissom, Brad S},
  year={1975},
  institution={DTIC Document}
}

@inproceedings{loper2002nltk,
	title={NLTK: The natural language toolkit},
	author={Loper, Edward and Bird, Steven},
	booktitle={Proceedings of the ACL-02 Workshop on Effective tools and methodologies for teaching natural language processing and computational linguistics-Volume 1},
	pages={63--70},
	year={2002},
	organization={Association for Computational Linguistics}
}

@article{marcus1993building,
	title={Building a large annotated corpus of English: The Penn Treebank},
	author={Marcus, Mitchell P and Marcinkiewicz, Mary Ann and Santorini, Beatrice},
	journal={Computational linguistics},
	volume={19},
	number={2},
	pages={313--330},
	year={1993},
	publisher={MIT Press}
}
